<?xml version="1.0" encoding="UTF-8"?><collection xmlns="http://www.loc.gov/MARC21/slim"><record><leader>00452nam--2200169-i-4500</leader><controlfield tag="001">000002505</controlfield><controlfield tag="002">20161230</controlfield><controlfield tag="005">20161230201025</controlfield><controlfield tag="008">060222s1000------------r-----000-0-eng-d</controlfield><datafield ind1=" " ind2=" " tag="040"><subfield code="a">IFIN-HH</subfield></datafield><datafield ind1=" " ind2=" " tag="080"><subfield code="a">62(038):801.3=590=82</subfield></datafield><datafield ind1="1" ind2=" " tag="100"><subfield code="a">Meret, Nicolae</subfield></datafield><datafield ind1="1" ind2="0" tag="245"><subfield code="a">Dictionar tehnic roman-rus</subfield><subfield code="c">Nicolae meret (coordonator)</subfield></datafield><datafield ind1=" " ind2=" " tag="260"><subfield code="a">Bucuresti</subfield><subfield code="b">Editura Tehnica</subfield><subfield code="c">1980</subfield></datafield><datafield ind1=" " ind2=" " tag="300"><subfield code="a">XI+1295P</subfield></datafield><datafield ind1=" " ind2=" " tag="852"><subfield code="a">D.549</subfield><subfield code="c">SLT</subfield></datafield><datafield ind1=" " ind2=" " tag="CAT"><subfield code="a">Sys</subfield><subfield code="c">20130226</subfield><subfield code="h">172831</subfield></datafield></record></collection>